@book{book_key,
	address = {City},
	publisher = {Publisher},
	author = {Smith, John},
	title = {Book title},
	year = {2012},
	volume = {3},
	series = {2},
	edition = {1},
	pages = {123--200},
	month = {January}
}

@article{article_key,
	address = {City},
	publisher = {Publisher},
	author = {Smith, James},
	title = {Article title},
	year = {2013},
	volume = {14},
	number = {6},
	pages = {1--8},
	month = {March}
}

@book{Geant4,
  title={Advanced Monte Carlo for Radiation Physics, Particle Transport Simulation and Applications: Proceedings of the Monte Carlo 2000 Conference, Lisbon, 23--26 October 2000},
  author={Kling, A. and Barao, F.J.C. and Nakagawa, M. and Tavora, L. and Vaz, P.},
  isbn={9783642182112},
  url={https://books.google.com/books?id=cLDCBAAAQBAJ},
  year={2014},
  publisher={Springer Berlin Heidelberg}
}
